<?xml version="1.0" encoding="UTF-8"?><collection xmlns="http://www.loc.gov/MARC21/slim"><record><leader>00483nam--2200181-i-4500</leader><controlfield tag="001">000036410</controlfield><controlfield tag="002">20161230</controlfield><controlfield tag="005">20161230201040</controlfield><controlfield tag="008">060222s1000------------r-----000-0-eng-d</controlfield><datafield ind1=" " ind2=" " tag="040"><subfield code="a">IFIN-HH</subfield></datafield><datafield ind1=" " ind2=" " tag="080"><subfield code="a">539.124.6(061.3)</subfield></datafield><datafield ind1="1" ind2=" " tag="100"><subfield code="a">Stewart, A.T</subfield></datafield><datafield ind1="1" ind2="0" tag="245"><subfield code="a">Positron annihilation</subfield><subfield code="c">A.t. stewart, l.o. roellig (eds.)</subfield></datafield><datafield ind1=" " ind2=" " tag="260"><subfield code="a">New York</subfield><subfield code="b">Academic Press</subfield><subfield code="c">1967</subfield></datafield><datafield ind1=" " ind2=" " tag="300"><subfield code="a">XVI + 438P</subfield></datafield><datafield ind1="1" ind2=" " tag="700"><subfield code="a">Roellig, L.O</subfield><subfield code="e">Ed</subfield></datafield><datafield ind1=" " ind2=" " tag="852"><subfield code="a">32200</subfield><subfield code="c">539.12</subfield></datafield><datafield ind1=" " ind2=" " tag="CAT"><subfield code="a">Sys</subfield><subfield code="c">20111118</subfield><subfield code="h">135504</subfield></datafield></record></collection>